%YAML 1.1
%TAG !u! tag:unity3d.com,2011:
--- !u!1 &1000010028550792
GameObject:
  m_ObjectHideFlags: 0
  m_CorrespondingSourceObject: {fileID: 0}
  m_PrefabInstance: {fileID: 0}
  m_PrefabAsset: {fileID: 0}
  serializedVersion: 6
  m_Component:
  - component: {fileID: 4000012436469356}
  m_Layer: 0
  m_Name: Entry
  m_TagString: Untagged
  m_Icon: {fileID: 0}
  m_NavMeshLayer: 0
  m_StaticEditorFlags: 0
  m_IsActive: 1
--- !u!4 &4000012436469356
Transform:
  m_ObjectHideFlags: 0
  m_CorrespondingSourceObject: {fileID: 0}
  m_PrefabInstance: {fileID: 0}
  m_PrefabAsset: {fileID: 0}
  m_GameObject: {fileID: 1000010028550792}
  m_LocalRotation: {x: 0, y: 0, z: 0, w: 1}
  m_LocalPosition: {x: 0, y: 0.01, z: -4.47}
  m_LocalScale: {x: 1, y: 1, z: 1}
  m_Children: []
  m_Father: {fileID: 4000013462740542}
  m_RootOrder: 0
  m_LocalEulerAnglesHint: {x: 0, y: 0, z: 0}
--- !u!1 &1000011501633068
GameObject:
  m_ObjectHideFlags: 0
  m_CorrespondingSourceObject: {fileID: 0}
  m_PrefabInstance: {fileID: 0}
  m_PrefabAsset: {fileID: 0}
  serializedVersion: 6
  m_Component:
  - component: {fileID: 4000012177702996}
  - component: {fileID: 33000013827013246}
  - component: {fileID: 23000013165891466}
  - component: {fileID: 114000013783906396}
  m_Layer: 0
  m_Name: EndlessRun03
  m_TagString: Untagged
  m_Icon: {fileID: 0}
  m_NavMeshLayer: 0
  m_StaticEditorFlags: 0
  m_IsActive: 1
--- !u!4 &4000012177702996
Transform:
  m_ObjectHideFlags: 0
  m_CorrespondingSourceObject: {fileID: 0}
  m_PrefabInstance: {fileID: 0}
  m_PrefabAsset: {fileID: 0}
  m_GameObject: {fileID: 1000011501633068}
  m_LocalRotation: {x: 0, y: -0, z: -0, w: 1}
  m_LocalPosition: {x: -0, y: 0, z: -0.073795}
  m_LocalScale: {x: 1, y: 1, z: 1}
  m_Children:
  - {fileID: 4000010713080890}
  - {fileID: 4000013462740542}
  - {fileID: 2188898606249355662}
  - {fileID: 4700483678440164937}
  - {fileID: 4132959244345664911}
  - {fileID: 3622554885217655037}
  m_Father: {fileID: 0}
  m_RootOrder: 0
  m_LocalEulerAnglesHint: {x: 0, y: 0, z: 0}
--- !u!33 &33000013827013246
MeshFilter:
  m_ObjectHideFlags: 0
  m_CorrespondingSourceObject: {fileID: 0}
  m_PrefabInstance: {fileID: 0}
  m_PrefabAsset: {fileID: 0}
  m_GameObject: {fileID: 1000011501633068}
  m_Mesh: {fileID: 4300002, guid: 9a26112fdfc12324d8fee247fbeb44e7, type: 3}
--- !u!23 &23000013165891466
MeshRenderer:
  m_ObjectHideFlags: 0
  m_CorrespondingSourceObject: {fileID: 0}
  m_PrefabInstance: {fileID: 0}
  m_PrefabAsset: {fileID: 0}
  m_GameObject: {fileID: 1000011501633068}
  m_Enabled: 0
  m_CastShadows: 1
  m_ReceiveShadows: 1
  m_DynamicOccludee: 1
  m_MotionVectors: 1
  m_LightProbeUsage: 1
  m_ReflectionProbeUsage: 1
  m_RenderingLayerMask: 1
  m_RendererPriority: 0
  m_Materials:
  - {fileID: 2100000, guid: a1da5a75d83b2b64d9684707d810f8c7, type: 2}
  m_StaticBatchInfo:
    firstSubMesh: 0
    subMeshCount: 0
  m_StaticBatchRoot: {fileID: 0}
  m_ProbeAnchor: {fileID: 0}
  m_LightProbeVolumeOverride: {fileID: 0}
  m_ScaleInLightmap: 1
  m_PreserveUVs: 0
  m_IgnoreNormalsForChartDetection: 0
  m_ImportantGI: 0
  m_StitchLightmapSeams: 0
  m_SelectedEditorRenderState: 3
  m_MinimumChartSize: 4
  m_AutoUVMaxDistance: 0.5
  m_AutoUVMaxAngle: 89
  m_LightmapParameters: {fileID: 0}
  m_SortingLayerID: 0
  m_SortingLayer: 0
  m_SortingOrder: 0
--- !u!114 &114000013783906396
MonoBehaviour:
  m_ObjectHideFlags: 0
  m_CorrespondingSourceObject: {fileID: 0}
  m_PrefabInstance: {fileID: 0}
  m_PrefabAsset: {fileID: 0}
  m_GameObject: {fileID: 1000011501633068}
  m_Enabled: 1
  m_EditorHideFlags: 0
  m_Script: {fileID: 11500000, guid: a1f119face70eef45923442a053ff451, type: 3}
  m_Name: 
  m_EditorClassIdentifier: 
  pathParent: {fileID: 4000013462740542}
  manager: {fileID: 0}
  objectRoot: {fileID: 0}
  collectibleTransform: {fileID: 0}
  possibleObstacles:
  - {fileID: 90466515901569970, guid: ef4008e9a39941c4d848fbd6108a02b7, type: 3}
  - {fileID: 4523302026833599351, guid: e1502d6f7d025c849978bac7e51a2a53, type: 3}
  - {fileID: 4061621116263646431, guid: 2934b9886aa52dd48aa43ee9bd83a05b, type: 3}
  obstaclePositions:
  - 0
  - 0
--- !u!1 &1000012230794994
GameObject:
  m_ObjectHideFlags: 0
  m_CorrespondingSourceObject: {fileID: 0}
  m_PrefabInstance: {fileID: 0}
  m_PrefabAsset: {fileID: 0}
  serializedVersion: 6
  m_Component:
  - component: {fileID: 4000010713080890}
  m_Layer: 0
  m_Name: Decorations
  m_TagString: Untagged
  m_Icon: {fileID: 0}
  m_NavMeshLayer: 0
  m_StaticEditorFlags: 0
  m_IsActive: 1
--- !u!4 &4000010713080890
Transform:
  m_ObjectHideFlags: 0
  m_CorrespondingSourceObject: {fileID: 0}
  m_PrefabInstance: {fileID: 0}
  m_PrefabAsset: {fileID: 0}
  m_GameObject: {fileID: 1000012230794994}
  m_LocalRotation: {x: -0, y: -0, z: -0, w: 1}
  m_LocalPosition: {x: 0, y: 0, z: 0}
  m_LocalScale: {x: 1, y: 1, z: 1}
  m_Children:
  - {fileID: 4000010135131752}
  - {fileID: 4000011681004418}
  - {fileID: 17934547028265480}
  - {fileID: 7249477337592443019}
  - {fileID: 4470129320960522891}
  - {fileID: 2430149803717929036}
  - {fileID: 1301953667185257293}
  m_Father: {fileID: 4000012177702996}
  m_RootOrder: 0
  m_LocalEulerAnglesHint: {x: 0, y: 0, z: 0}
--- !u!1 &1000012447957116
GameObject:
  m_ObjectHideFlags: 0
  m_CorrespondingSourceObject: {fileID: 0}
  m_PrefabInstance: {fileID: 0}
  m_PrefabAsset: {fileID: 0}
  serializedVersion: 6
  m_Component:
  - component: {fileID: 4000010135131752}
  - component: {fileID: 33000012092163146}
  - component: {fileID: 23000011708895566}
  m_Layer: 0
  m_Name: Road02
  m_TagString: Untagged
  m_Icon: {fileID: 0}
  m_NavMeshLayer: 0
  m_StaticEditorFlags: 0
  m_IsActive: 1
--- !u!4 &4000010135131752
Transform:
  m_ObjectHideFlags: 0
  m_CorrespondingSourceObject: {fileID: 0}
  m_PrefabInstance: {fileID: 0}
  m_PrefabAsset: {fileID: 0}
  m_GameObject: {fileID: 1000012447957116}
  m_LocalRotation: {x: 0, y: -0, z: -0, w: 1}
  m_LocalPosition: {x: -0, y: -0.001, z: 9}
  m_LocalScale: {x: 1, y: 1, z: 1}
  m_Children: []
  m_Father: {fileID: 4000010713080890}
  m_RootOrder: 0
  m_LocalEulerAnglesHint: {x: 0, y: 0, z: 0}
--- !u!33 &33000012092163146
MeshFilter:
  m_ObjectHideFlags: 0
  m_CorrespondingSourceObject: {fileID: 0}
  m_PrefabInstance: {fileID: 0}
  m_PrefabAsset: {fileID: 0}
  m_GameObject: {fileID: 1000012447957116}
  m_Mesh: {fileID: 4300002, guid: 5dc9820c76494354e9e924a6c791efa7, type: 3}
--- !u!23 &23000011708895566
MeshRenderer:
  m_ObjectHideFlags: 0
  m_CorrespondingSourceObject: {fileID: 0}
  m_PrefabInstance: {fileID: 0}
  m_PrefabAsset: {fileID: 0}
  m_GameObject: {fileID: 1000012447957116}
  m_Enabled: 0
  m_CastShadows: 1
  m_ReceiveShadows: 1
  m_DynamicOccludee: 1
  m_MotionVectors: 1
  m_LightProbeUsage: 1
  m_ReflectionProbeUsage: 1
  m_RenderingLayerMask: 1
  m_RendererPriority: 0
  m_Materials:
  - {fileID: 2100000, guid: a1da5a75d83b2b64d9684707d810f8c7, type: 2}
  m_StaticBatchInfo:
    firstSubMesh: 0
    subMeshCount: 0
  m_StaticBatchRoot: {fileID: 0}
  m_ProbeAnchor: {fileID: 0}
  m_LightProbeVolumeOverride: {fileID: 0}
  m_ScaleInLightmap: 1
  m_PreserveUVs: 0
  m_IgnoreNormalsForChartDetection: 0
  m_ImportantGI: 0
  m_StitchLightmapSeams: 0
  m_SelectedEditorRenderState: 3
  m_MinimumChartSize: 4
  m_AutoUVMaxDistance: 0.5
  m_AutoUVMaxAngle: 89
  m_LightmapParameters: {fileID: 0}
  m_SortingLayerID: 0
  m_SortingLayer: 0
  m_SortingOrder: 0
--- !u!1 &1000013702081580
GameObject:
  m_ObjectHideFlags: 0
  m_CorrespondingSourceObject: {fileID: 0}
  m_PrefabInstance: {fileID: 0}
  m_PrefabAsset: {fileID: 0}
  serializedVersion: 6
  m_Component:
  - component: {fileID: 4000013463634308}
  m_Layer: 0
  m_Name: Exit
  m_TagString: Untagged
  m_Icon: {fileID: 0}
  m_NavMeshLayer: 0
  m_StaticEditorFlags: 0
  m_IsActive: 1
--- !u!4 &4000013463634308
Transform:
  m_ObjectHideFlags: 0
  m_CorrespondingSourceObject: {fileID: 0}
  m_PrefabInstance: {fileID: 0}
  m_PrefabAsset: {fileID: 0}
  m_GameObject: {fileID: 1000013702081580}
  m_LocalRotation: {x: 0, y: 0, z: 0, w: 1}
  m_LocalPosition: {x: 0, y: 0.01, z: 13.5}
  m_LocalScale: {x: 1, y: 1, z: 1}
  m_Children: []
  m_Father: {fileID: 4000013462740542}
  m_RootOrder: 1
  m_LocalEulerAnglesHint: {x: 0, y: 0, z: 0}
--- !u!1 &1000013762126554
GameObject:
  m_ObjectHideFlags: 0
  m_CorrespondingSourceObject: {fileID: 0}
  m_PrefabInstance: {fileID: 0}
  m_PrefabAsset: {fileID: 0}
  serializedVersion: 6
  m_Component:
  - component: {fileID: 4000013462740542}
  m_Layer: 0
  m_Name: Path
  m_TagString: Untagged
  m_Icon: {fileID: 0}
  m_NavMeshLayer: 0
  m_StaticEditorFlags: 0
  m_IsActive: 1
--- !u!4 &4000013462740542
Transform:
  m_ObjectHideFlags: 0
  m_CorrespondingSourceObject: {fileID: 0}
  m_PrefabInstance: {fileID: 0}
  m_PrefabAsset: {fileID: 0}
  m_GameObject: {fileID: 1000013762126554}
  m_LocalRotation: {x: -0, y: -0, z: -0, w: 1}
  m_LocalPosition: {x: 0, y: 0, z: 0}
  m_LocalScale: {x: 1, y: 1, z: 1}
  m_Children:
  - {fileID: 4000012436469356}
  - {fileID: 4000013463634308}
  m_Father: {fileID: 4000012177702996}
  m_RootOrder: 1
  m_LocalEulerAnglesHint: {x: 0, y: 0, z: 0}
--- !u!1 &1000013775018766
GameObject:
  m_ObjectHideFlags: 0
  m_CorrespondingSourceObject: {fileID: 0}
  m_PrefabInstance: {fileID: 0}
  m_PrefabAsset: {fileID: 0}
  serializedVersion: 6
  m_Component:
  - component: {fileID: 4000011681004418}
  - component: {fileID: 33000010124010696}
  - component: {fileID: 23000011630629802}
  m_Layer: 0
  m_Name: Tree01
  m_TagString: Untagged
  m_Icon: {fileID: 0}
  m_NavMeshLayer: 0
  m_StaticEditorFlags: 0
  m_IsActive: 1
--- !u!4 &4000011681004418
Transform:
  m_ObjectHideFlags: 0
  m_CorrespondingSourceObject: {fileID: 0}
  m_PrefabInstance: {fileID: 0}
  m_PrefabAsset: {fileID: 0}
  m_GameObject: {fileID: 1000013775018766}
  m_LocalRotation: {x: -0, y: 0.1370203, z: -0, w: 0.99056834}
  m_LocalPosition: {x: -5.04, y: 0.05, z: 3.63}
  m_LocalScale: {x: 1, y: 1, z: 1}
  m_Children: []
  m_Father: {fileID: 4000010713080890}
  m_RootOrder: 1
  m_LocalEulerAnglesHint: {x: 0, y: 15.441001, z: 0}
--- !u!33 &33000010124010696
MeshFilter:
  m_ObjectHideFlags: 0
  m_CorrespondingSourceObject: {fileID: 0}
  m_PrefabInstance: {fileID: 0}
  m_PrefabAsset: {fileID: 0}
  m_GameObject: {fileID: 1000013775018766}
  m_Mesh: {fileID: 4300000, guid: c5b4e6cbf5e8cd645a2c8ac01816bd24, type: 3}
--- !u!23 &23000011630629802
MeshRenderer:
  m_ObjectHideFlags: 0
  m_CorrespondingSourceObject: {fileID: 0}
  m_PrefabInstance: {fileID: 0}
  m_PrefabAsset: {fileID: 0}
  m_GameObject: {fileID: 1000013775018766}
  m_Enabled: 1
  m_CastShadows: 1
  m_ReceiveShadows: 1
  m_DynamicOccludee: 1
  m_MotionVectors: 1
  m_LightProbeUsage: 1
  m_ReflectionProbeUsage: 1
  m_RenderingLayerMask: 1
  m_RendererPriority: 0
  m_Materials:
  - {fileID: 2100000, guid: a1da5a75d83b2b64d9684707d810f8c7, type: 2}
  - {fileID: 2100000, guid: a31a8a627e6f7d24aa0af123ce1403c6, type: 2}
  m_StaticBatchInfo:
    firstSubMesh: 0
    subMeshCount: 0
  m_StaticBatchRoot: {fileID: 0}
  m_ProbeAnchor: {fileID: 0}
  m_LightProbeVolumeOverride: {fileID: 0}
  m_ScaleInLightmap: 1
  m_PreserveUVs: 0
  m_IgnoreNormalsForChartDetection: 0
  m_ImportantGI: 0
  m_StitchLightmapSeams: 0
  m_SelectedEditorRenderState: 3
  m_MinimumChartSize: 4
  m_AutoUVMaxDistance: 0.5
  m_AutoUVMaxAngle: 89
  m_LightmapParameters: {fileID: 0}
  m_SortingLayerID: 0
  m_SortingLayer: 0
  m_SortingOrder: 0
--- !u!1 &27246401351893341
GameObject:
  m_ObjectHideFlags: 0
  m_CorrespondingSourceObject: {fileID: 0}
  m_PrefabInstance: {fileID: 0}
  m_PrefabAsset: {fileID: 0}
  serializedVersion: 6
  m_Component:
  - component: {fileID: 4470129320960522891}
  - component: {fileID: 391142359361147454}
  - component: {fileID: 4367519625053999695}
  m_Layer: 0
  m_Name: Tree01 (3)
  m_TagString: Untagged
  m_Icon: {fileID: 0}
  m_NavMeshLayer: 0
  m_StaticEditorFlags: 0
  m_IsActive: 1
--- !u!4 &4470129320960522891
Transform:
  m_ObjectHideFlags: 0
  m_CorrespondingSourceObject: {fileID: 0}
  m_PrefabInstance: {fileID: 0}
  m_PrefabAsset: {fileID: 0}
  m_GameObject: {fileID: 27246401351893341}
  m_LocalRotation: {x: -0, y: 0.1370203, z: -0, w: 0.99056834}
  m_LocalPosition: {x: 4.9800005, y: 0.05, z: 3.63}
  m_LocalScale: {x: 1, y: 1, z: 1}
  m_Children: []
  m_Father: {fileID: 4000010713080890}
  m_RootOrder: 4
  m_LocalEulerAnglesHint: {x: 0, y: 15.441001, z: 0}
--- !u!33 &391142359361147454
MeshFilter:
  m_ObjectHideFlags: 0
  m_CorrespondingSourceObject: {fileID: 0}
  m_PrefabInstance: {fileID: 0}
  m_PrefabAsset: {fileID: 0}
  m_GameObject: {fileID: 27246401351893341}
  m_Mesh: {fileID: 4300000, guid: c5b4e6cbf5e8cd645a2c8ac01816bd24, type: 3}
--- !u!23 &4367519625053999695
MeshRenderer:
  m_ObjectHideFlags: 0
  m_CorrespondingSourceObject: {fileID: 0}
  m_PrefabInstance: {fileID: 0}
  m_PrefabAsset: {fileID: 0}
  m_GameObject: {fileID: 27246401351893341}
  m_Enabled: 1
  m_CastShadows: 1
  m_ReceiveShadows: 1
  m_DynamicOccludee: 1
  m_MotionVectors: 1
  m_LightProbeUsage: 1
  m_ReflectionProbeUsage: 1
  m_RenderingLayerMask: 1
  m_RendererPriority: 0
  m_Materials:
  - {fileID: 2100000, guid: a1da5a75d83b2b64d9684707d810f8c7, type: 2}
  - {fileID: 2100000, guid: a31a8a627e6f7d24aa0af123ce1403c6, type: 2}
  m_StaticBatchInfo:
    firstSubMesh: 0
    subMeshCount: 0
  m_StaticBatchRoot: {fileID: 0}
  m_ProbeAnchor: {fileID: 0}
  m_LightProbeVolumeOverride: {fileID: 0}
  m_ScaleInLightmap: 1
  m_PreserveUVs: 0
  m_IgnoreNormalsForChartDetection: 0
  m_ImportantGI: 0
  m_StitchLightmapSeams: 0
  m_SelectedEditorRenderState: 3
  m_MinimumChartSize: 4
  m_AutoUVMaxDistance: 0.5
  m_AutoUVMaxAngle: 89
  m_LightmapParameters: {fileID: 0}
  m_SortingLayerID: 0
  m_SortingLayer: 0
  m_SortingOrder: 0
--- !u!1 &1265293867043934140
GameObject:
  m_ObjectHideFlags: 0
  m_CorrespondingSourceObject: {fileID: 0}
  m_PrefabInstance: {fileID: 0}
  m_PrefabAsset: {fileID: 0}
  serializedVersion: 6
  m_Component:
  - component: {fileID: 2430149803717929036}
  - component: {fileID: 1234086205190318314}
  - component: {fileID: 1604350975719691258}
  m_Layer: 0
  m_Name: Tree01 (4)
  m_TagString: Untagged
  m_Icon: {fileID: 0}
  m_NavMeshLayer: 0
  m_StaticEditorFlags: 0
  m_IsActive: 1
--- !u!4 &2430149803717929036
Transform:
  m_ObjectHideFlags: 0
  m_CorrespondingSourceObject: {fileID: 0}
  m_PrefabInstance: {fileID: 0}
  m_PrefabAsset: {fileID: 0}
  m_GameObject: {fileID: 1265293867043934140}
  m_LocalRotation: {x: -0, y: 0.1370203, z: -0, w: 0.99056834}
  m_LocalPosition: {x: 4.98, y: 0.05, z: 11.19}
  m_LocalScale: {x: 1, y: 1, z: 1}
  m_Children: []
  m_Father: {fileID: 4000010713080890}
  m_RootOrder: 5
  m_LocalEulerAnglesHint: {x: 0, y: 15.441001, z: 0}
--- !u!33 &1234086205190318314
MeshFilter:
  m_ObjectHideFlags: 0
  m_CorrespondingSourceObject: {fileID: 0}
  m_PrefabInstance: {fileID: 0}
  m_PrefabAsset: {fileID: 0}
  m_GameObject: {fileID: 1265293867043934140}
  m_Mesh: {fileID: 4300000, guid: c5b4e6cbf5e8cd645a2c8ac01816bd24, type: 3}
--- !u!23 &1604350975719691258
MeshRenderer:
  m_ObjectHideFlags: 0
  m_CorrespondingSourceObject: {fileID: 0}
  m_PrefabInstance: {fileID: 0}
  m_PrefabAsset: {fileID: 0}
  m_GameObject: {fileID: 1265293867043934140}
  m_Enabled: 1
  m_CastShadows: 1
  m_ReceiveShadows: 1
  m_DynamicOccludee: 1
  m_MotionVectors: 1
  m_LightProbeUsage: 1
  m_ReflectionProbeUsage: 1
  m_RenderingLayerMask: 1
  m_RendererPriority: 0
  m_Materials:
  - {fileID: 2100000, guid: a1da5a75d83b2b64d9684707d810f8c7, type: 2}
  - {fileID: 2100000, guid: a31a8a627e6f7d24aa0af123ce1403c6, type: 2}
  m_StaticBatchInfo:
    firstSubMesh: 0
    subMeshCount: 0
  m_StaticBatchRoot: {fileID: 0}
  m_ProbeAnchor: {fileID: 0}
  m_LightProbeVolumeOverride: {fileID: 0}
  m_ScaleInLightmap: 1
  m_PreserveUVs: 0
  m_IgnoreNormalsForChartDetection: 0
  m_ImportantGI: 0
  m_StitchLightmapSeams: 0
  m_SelectedEditorRenderState: 3
  m_MinimumChartSize: 4
  m_AutoUVMaxDistance: 0.5
  m_AutoUVMaxAngle: 89
  m_LightmapParameters: {fileID: 0}
  m_SortingLayerID: 0
  m_SortingLayer: 0
  m_SortingOrder: 0
--- !u!1 &2009435252155617566
GameObject:
  m_ObjectHideFlags: 0
  m_CorrespondingSourceObject: {fileID: 0}
  m_PrefabInstance: {fileID: 0}
  m_PrefabAsset: {fileID: 0}
  serializedVersion: 6
  m_Component:
  - component: {fileID: 7249477337592443019}
  - component: {fileID: 2741029954510882566}
  - component: {fileID: 3170259358683078283}
  m_Layer: 0
  m_Name: Tree01 (2)
  m_TagString: Untagged
  m_Icon: {fileID: 0}
  m_NavMeshLayer: 0
  m_StaticEditorFlags: 0
  m_IsActive: 1
--- !u!4 &7249477337592443019
Transform:
  m_ObjectHideFlags: 0
  m_CorrespondingSourceObject: {fileID: 0}
  m_PrefabInstance: {fileID: 0}
  m_PrefabAsset: {fileID: 0}
  m_GameObject: {fileID: 2009435252155617566}
  m_LocalRotation: {x: -0, y: 0.1370203, z: -0, w: 0.99056834}
  m_LocalPosition: {x: -5.04, y: 0.05, z: -3.22}
  m_LocalScale: {x: 1, y: 1, z: 1}
  m_Children: []
  m_Father: {fileID: 4000010713080890}
  m_RootOrder: 3
  m_LocalEulerAnglesHint: {x: 0, y: 15.441001, z: 0}
--- !u!33 &2741029954510882566
MeshFilter:
  m_ObjectHideFlags: 0
  m_CorrespondingSourceObject: {fileID: 0}
  m_PrefabInstance: {fileID: 0}
  m_PrefabAsset: {fileID: 0}
  m_GameObject: {fileID: 2009435252155617566}
  m_Mesh: {fileID: 4300000, guid: c5b4e6cbf5e8cd645a2c8ac01816bd24, type: 3}
--- !u!23 &3170259358683078283
MeshRenderer:
  m_ObjectHideFlags: 0
  m_CorrespondingSourceObject: {fileID: 0}
  m_PrefabInstance: {fileID: 0}
  m_PrefabAsset: {fileID: 0}
  m_GameObject: {fileID: 2009435252155617566}
  m_Enabled: 1
  m_CastShadows: 1
  m_ReceiveShadows: 1
  m_DynamicOccludee: 1
  m_MotionVectors: 1
  m_LightProbeUsage: 1
  m_ReflectionProbeUsage: 1
  m_RenderingLayerMask: 1
  m_RendererPriority: 0
  m_Materials:
  - {fileID: 2100000, guid: a1da5a75d83b2b64d9684707d810f8c7, type: 2}
  - {fileID: 2100000, guid: a31a8a627e6f7d24aa0af123ce1403c6, type: 2}
  m_StaticBatchInfo:
    firstSubMesh: 0
    subMeshCount: 0
  m_StaticBatchRoot: {fileID: 0}
  m_ProbeAnchor: {fileID: 0}
  m_LightProbeVolumeOverride: {fileID: 0}
  m_ScaleInLightmap: 1
  m_PreserveUVs: 0
  m_IgnoreNormalsForChartDetection: 0
  m_ImportantGI: 0
  m_StitchLightmapSeams: 0
  m_SelectedEditorRenderState: 3
  m_MinimumChartSize: 4
  m_AutoUVMaxDistance: 0.5
  m_AutoUVMaxAngle: 89
  m_LightmapParameters: {fileID: 0}
  m_SortingLayerID: 0
  m_SortingLayer: 0
  m_SortingOrder: 0
--- !u!1 &4699398251156029051
GameObject:
  m_ObjectHideFlags: 0
  m_CorrespondingSourceObject: {fileID: 0}
  m_PrefabInstance: {fileID: 0}
  m_PrefabAsset: {fileID: 0}
  serializedVersion: 6
  m_Component:
  - component: {fileID: 1301953667185257293}
  - component: {fileID: 3151426501540520542}
  - component: {fileID: 5882917642547874135}
  m_Layer: 0
  m_Name: Tree01 (5)
  m_TagString: Untagged
  m_Icon: {fileID: 0}
  m_NavMeshLayer: 0
  m_StaticEditorFlags: 0
  m_IsActive: 1
--- !u!4 &1301953667185257293
Transform:
  m_ObjectHideFlags: 0
  m_CorrespondingSourceObject: {fileID: 0}
  m_PrefabInstance: {fileID: 0}
  m_PrefabAsset: {fileID: 0}
  m_GameObject: {fileID: 4699398251156029051}
  m_LocalRotation: {x: -0, y: 0.1370203, z: -0, w: 0.99056834}
  m_LocalPosition: {x: 4.9800005, y: 0.05, z: -3.22}
  m_LocalScale: {x: 1, y: 1, z: 1}
  m_Children: []
  m_Father: {fileID: 4000010713080890}
  m_RootOrder: 6
  m_LocalEulerAnglesHint: {x: 0, y: 15.441001, z: 0}
--- !u!33 &3151426501540520542
MeshFilter:
  m_ObjectHideFlags: 0
  m_CorrespondingSourceObject: {fileID: 0}
  m_PrefabInstance: {fileID: 0}
  m_PrefabAsset: {fileID: 0}
  m_GameObject: {fileID: 4699398251156029051}
  m_Mesh: {fileID: 4300000, guid: c5b4e6cbf5e8cd645a2c8ac01816bd24, type: 3}
--- !u!23 &5882917642547874135
MeshRenderer:
  m_ObjectHideFlags: 0
  m_CorrespondingSourceObject: {fileID: 0}
  m_PrefabInstance: {fileID: 0}
  m_PrefabAsset: {fileID: 0}
  m_GameObject: {fileID: 4699398251156029051}
  m_Enabled: 1
  m_CastShadows: 1
  m_ReceiveShadows: 1
  m_DynamicOccludee: 1
  m_MotionVectors: 1
  m_LightProbeUsage: 1
  m_ReflectionProbeUsage: 1
  m_RenderingLayerMask: 1
  m_RendererPriority: 0
  m_Materials:
  - {fileID: 2100000, guid: a1da5a75d83b2b64d9684707d810f8c7, type: 2}
  - {fileID: 2100000, guid: a31a8a627e6f7d24aa0af123ce1403c6, type: 2}
  m_StaticBatchInfo:
    firstSubMesh: 0
    subMeshCount: 0
  m_StaticBatchRoot: {fileID: 0}
  m_ProbeAnchor: {fileID: 0}
  m_LightProbeVolumeOverride: {fileID: 0}
  m_ScaleInLightmap: 1
  m_PreserveUVs: 0
  m_IgnoreNormalsForChartDetection: 0
  m_ImportantGI: 0
  m_StitchLightmapSeams: 0
  m_SelectedEditorRenderState: 3
  m_MinimumChartSize: 4
  m_AutoUVMaxDistance: 0.5
  m_AutoUVMaxAngle: 89
  m_LightmapParameters: {fileID: 0}
  m_SortingLayerID: 0
  m_SortingLayer: 0
  m_SortingOrder: 0
--- !u!1 &5425204128879761601
GameObject:
  m_ObjectHideFlags: 0
  m_CorrespondingSourceObject: {fileID: 0}
  m_PrefabInstance: {fileID: 0}
  m_PrefabAsset: {fileID: 0}
  serializedVersion: 6
  m_Component:
  - component: {fileID: 17934547028265480}
  - component: {fileID: 4183963907568640210}
  - component: {fileID: 7121880895231558952}
  m_Layer: 0
  m_Name: Tree01 (1)
  m_TagString: Untagged
  m_Icon: {fileID: 0}
  m_NavMeshLayer: 0
  m_StaticEditorFlags: 0
  m_IsActive: 1
--- !u!4 &17934547028265480
Transform:
  m_ObjectHideFlags: 0
  m_CorrespondingSourceObject: {fileID: 0}
  m_PrefabInstance: {fileID: 0}
  m_PrefabAsset: {fileID: 0}
  m_GameObject: {fileID: 5425204128879761601}
  m_LocalRotation: {x: -0, y: 0.1370203, z: -0, w: 0.99056834}
  m_LocalPosition: {x: -5.04, y: 0.05, z: 11.19}
  m_LocalScale: {x: 1, y: 1, z: 1}
  m_Children: []
  m_Father: {fileID: 4000010713080890}
  m_RootOrder: 2
  m_LocalEulerAnglesHint: {x: 0, y: 15.441001, z: 0}
--- !u!33 &4183963907568640210
MeshFilter:
  m_ObjectHideFlags: 0
  m_CorrespondingSourceObject: {fileID: 0}
  m_PrefabInstance: {fileID: 0}
  m_PrefabAsset: {fileID: 0}
  m_GameObject: {fileID: 5425204128879761601}
  m_Mesh: {fileID: 4300000, guid: c5b4e6cbf5e8cd645a2c8ac01816bd24, type: 3}
--- !u!23 &7121880895231558952
MeshRenderer:
  m_ObjectHideFlags: 0
  m_CorrespondingSourceObject: {fileID: 0}
  m_PrefabInstance: {fileID: 0}
  m_PrefabAsset: {fileID: 0}
  m_GameObject: {fileID: 5425204128879761601}
  m_Enabled: 1
  m_CastShadows: 1
  m_ReceiveShadows: 1
  m_DynamicOccludee: 1
  m_MotionVectors: 1
  m_LightProbeUsage: 1
  m_ReflectionProbeUsage: 1
  m_RenderingLayerMask: 1
  m_RendererPriority: 0
  m_Materials:
  - {fileID: 2100000, guid: a1da5a75d83b2b64d9684707d810f8c7, type: 2}
  - {fileID: 2100000, guid: a31a8a627e6f7d24aa0af123ce1403c6, type: 2}
  m_StaticBatchInfo:
    firstSubMesh: 0
    subMeshCount: 0
  m_StaticBatchRoot: {fileID: 0}
  m_ProbeAnchor: {fileID: 0}
  m_LightProbeVolumeOverride: {fileID: 0}
  m_ScaleInLightmap: 1
  m_PreserveUVs: 0
  m_IgnoreNormalsForChartDetection: 0
  m_ImportantGI: 0
  m_StitchLightmapSeams: 0
  m_SelectedEditorRenderState: 3
  m_MinimumChartSize: 4
  m_AutoUVMaxDistance: 0.5
  m_AutoUVMaxAngle: 89
  m_LightmapParameters: {fileID: 0}
  m_SortingLayerID: 0
  m_SortingLayer: 0
  m_SortingOrder: 0
--- !u!1001 &2188898606248964876
PrefabInstance:
  m_ObjectHideFlags: 0
  serializedVersion: 2
  m_Modification:
    m_TransformParent: {fileID: 4000012177702996}
    m_Modifications:
    - target: {fileID: 100002, guid: 3a0e6d70e96768a43a00963d64e729cb, type: 3}
      propertyPath: m_Name
      value: Bridge_Large
      objectReference: {fileID: 0}
    - target: {fileID: 400002, guid: 3a0e6d70e96768a43a00963d64e729cb, type: 3}
      propertyPath: m_LocalPosition.x
      value: -0
      objectReference: {fileID: 0}
    - target: {fileID: 400002, guid: 3a0e6d70e96768a43a00963d64e729cb, type: 3}
      propertyPath: m_LocalPosition.y
      value: -0.04
      objectReference: {fileID: 0}
    - target: {fileID: 400002, guid: 3a0e6d70e96768a43a00963d64e729cb, type: 3}
      propertyPath: m_LocalPosition.z
      value: 4.7637
      objectReference: {fileID: 0}
    - target: {fileID: 400002, guid: 3a0e6d70e96768a43a00963d64e729cb, type: 3}
      propertyPath: m_LocalRotation.x
      value: -0
      objectReference: {fileID: 0}
    - target: {fileID: 400002, guid: 3a0e6d70e96768a43a00963d64e729cb, type: 3}
      propertyPath: m_LocalRotation.y
      value: 0
      objectReference: {fileID: 0}
    - target: {fileID: 400002, guid: 3a0e6d70e96768a43a00963d64e729cb, type: 3}
      propertyPath: m_LocalRotation.z
      value: -0
      objectReference: {fileID: 0}
    - target: {fileID: 400002, guid: 3a0e6d70e96768a43a00963d64e729cb, type: 3}
      propertyPath: m_LocalRotation.w
      value: 1
      objectReference: {fileID: 0}
    - target: {fileID: 400002, guid: 3a0e6d70e96768a43a00963d64e729cb, type: 3}
      propertyPath: m_RootOrder
      value: 2
      objectReference: {fileID: 0}
    - target: {fileID: 400002, guid: 3a0e6d70e96768a43a00963d64e729cb, type: 3}
      propertyPath: m_LocalEulerAnglesHint.x
      value: 0
      objectReference: {fileID: 0}
    - target: {fileID: 400002, guid: 3a0e6d70e96768a43a00963d64e729cb, type: 3}
      propertyPath: m_LocalEulerAnglesHint.y
      value: 0
      objectReference: {fileID: 0}
    - target: {fileID: 400002, guid: 3a0e6d70e96768a43a00963d64e729cb, type: 3}
      propertyPath: m_LocalEulerAnglesHint.z
      value: 0
      objectReference: {fileID: 0}
    - target: {fileID: 400002, guid: 3a0e6d70e96768a43a00963d64e729cb, type: 3}
      propertyPath: m_LocalScale.x
      value: 1.2
      objectReference: {fileID: 0}
    - target: {fileID: 400002, guid: 3a0e6d70e96768a43a00963d64e729cb, type: 3}
      propertyPath: m_LocalScale.z
      value: 1.2266
      objectReference: {fileID: 0}
    m_RemovedComponents: []
  m_SourcePrefab: {fileID: 100100000, guid: 3a0e6d70e96768a43a00963d64e729cb, type: 3}
--- !u!4 &2188898606249355662 stripped
Transform:
  m_CorrespondingSourceObject: {fileID: 400002, guid: 3a0e6d70e96768a43a00963d64e729cb,
    type: 3}
  m_PrefabInstance: {fileID: 2188898606248964876}
  m_PrefabAsset: {fileID: 0}
--- !u!1001 &3622554885218042493
PrefabInstance:
  m_ObjectHideFlags: 0
  serializedVersion: 2
  m_Modification:
    m_TransformParent: {fileID: 4000012177702996}
    m_Modifications:
    - target: {fileID: 100000, guid: 3279ffff6a1ad3d4c8fdb040401e0f30, type: 3}
      propertyPath: m_Name
      value: Wave (1)
      objectReference: {fileID: 0}
    - target: {fileID: 400000, guid: 3279ffff6a1ad3d4c8fdb040401e0f30, type: 3}
      propertyPath: m_LocalPosition.x
      value: -0.19
      objectReference: {fileID: 0}
    - target: {fileID: 400000, guid: 3279ffff6a1ad3d4c8fdb040401e0f30, type: 3}
      propertyPath: m_LocalPosition.y
      value: -0.35
      objectReference: {fileID: 0}
    - target: {fileID: 400000, guid: 3279ffff6a1ad3d4c8fdb040401e0f30, type: 3}
      propertyPath: m_LocalPosition.z
      value: 13.55
      objectReference: {fileID: 0}
    - target: {fileID: 400000, guid: 3279ffff6a1ad3d4c8fdb040401e0f30, type: 3}
      propertyPath: m_LocalRotation.x
      value: 1.7112914e-15
      objectReference: {fileID: 0}
    - target: {fileID: 400000, guid: 3279ffff6a1ad3d4c8fdb040401e0f30, type: 3}
      propertyPath: m_LocalRotation.y
      value: 1
      objectReference: {fileID: 0}
    - target: {fileID: 400000, guid: 3279ffff6a1ad3d4c8fdb040401e0f30, type: 3}
      propertyPath: m_LocalRotation.z
      value: -0.000000021855694
      objectReference: {fileID: 0}
    - target: {fileID: 400000, guid: 3279ffff6a1ad3d4c8fdb040401e0f30, type: 3}
      propertyPath: m_LocalRotation.w
      value: 0.0000000754979
      objectReference: {fileID: 0}
    - target: {fileID: 400000, guid: 3279ffff6a1ad3d4c8fdb040401e0f30, type: 3}
      propertyPath: m_RootOrder
      value: 5
      objectReference: {fileID: 0}
    - target: {fileID: 400000, guid: 3279ffff6a1ad3d4c8fdb040401e0f30, type: 3}
      propertyPath: m_LocalEulerAnglesHint.x
      value: 0
      objectReference: {fileID: 0}
    - target: {fileID: 400000, guid: 3279ffff6a1ad3d4c8fdb040401e0f30, type: 3}
      propertyPath: m_LocalEulerAnglesHint.y
      value: 0
      objectReference: {fileID: 0}
    - target: {fileID: 400000, guid: 3279ffff6a1ad3d4c8fdb040401e0f30, type: 3}
      propertyPath: m_LocalEulerAnglesHint.z
      value: 0
      objectReference: {fileID: 0}
    - target: {fileID: 400000, guid: 3279ffff6a1ad3d4c8fdb040401e0f30, type: 3}
      propertyPath: m_LocalScale.z
      value: 0.02411603
      objectReference: {fileID: 0}
    m_RemovedComponents: []
  m_SourcePrefab: {fileID: 100100000, guid: 3279ffff6a1ad3d4c8fdb040401e0f30, type: 3}
--- !u!4 &3622554885217655037 stripped
Transform:
  m_CorrespondingSourceObject: {fileID: 400000, guid: 3279ffff6a1ad3d4c8fdb040401e0f30,
    type: 3}
  m_PrefabInstance: {fileID: 3622554885218042493}
  m_PrefabAsset: {fileID: 0}
--- !u!1001 &4132959244345802511
PrefabInstance:
  m_ObjectHideFlags: 0
  serializedVersion: 2
  m_Modification:
    m_TransformParent: {fileID: 4000012177702996}
    m_Modifications:
    - target: {fileID: 100000, guid: 3279ffff6a1ad3d4c8fdb040401e0f30, type: 3}
      propertyPath: m_Name
      value: Wave
      objectReference: {fileID: 0}
    - target: {fileID: 400000, guid: 3279ffff6a1ad3d4c8fdb040401e0f30, type: 3}
      propertyPath: m_LocalPosition.x
      value: -0.19
      objectReference: {fileID: 0}
    - target: {fileID: 400000, guid: 3279ffff6a1ad3d4c8fdb040401e0f30, type: 3}
      propertyPath: m_LocalPosition.y
      value: -0.35
      objectReference: {fileID: 0}
    - target: {fileID: 400000, guid: 3279ffff6a1ad3d4c8fdb040401e0f30, type: 3}
      propertyPath: m_LocalPosition.z
      value: 6.5053
      objectReference: {fileID: 0}
    - target: {fileID: 400000, guid: 3279ffff6a1ad3d4c8fdb040401e0f30, type: 3}
      propertyPath: m_LocalRotation.x
      value: 1.7112914e-15
      objectReference: {fileID: 0}
    - target: {fileID: 400000, guid: 3279ffff6a1ad3d4c8fdb040401e0f30, type: 3}
      propertyPath: m_LocalRotation.y
      value: 1
      objectReference: {fileID: 0}
    - target: {fileID: 400000, guid: 3279ffff6a1ad3d4c8fdb040401e0f30, type: 3}
      propertyPath: m_LocalRotation.z
      value: -0.000000021855694
      objectReference: {fileID: 0}
    - target: {fileID: 400000, guid: 3279ffff6a1ad3d4c8fdb040401e0f30, type: 3}
      propertyPath: m_LocalRotation.w
      value: 0.0000000754979
      objectReference: {fileID: 0}
    - target: {fileID: 400000, guid: 3279ffff6a1ad3d4c8fdb040401e0f30, type: 3}
      propertyPath: m_RootOrder
      value: 4
      objectReference: {fileID: 0}
    - target: {fileID: 400000, guid: 3279ffff6a1ad3d4c8fdb040401e0f30, type: 3}
      propertyPath: m_LocalEulerAnglesHint.x
      value: 0
      objectReference: {fileID: 0}
    - target: {fileID: 400000, guid: 3279ffff6a1ad3d4c8fdb040401e0f30, type: 3}
      propertyPath: m_LocalEulerAnglesHint.y
      value: 0
      objectReference: {fileID: 0}
    - target: {fileID: 400000, guid: 3279ffff6a1ad3d4c8fdb040401e0f30, type: 3}
      propertyPath: m_LocalEulerAnglesHint.z
      value: 0
      objectReference: {fileID: 0}
    - target: {fileID: 400000, guid: 3279ffff6a1ad3d4c8fdb040401e0f30, type: 3}
      propertyPath: m_LocalScale.z
      value: 0.029599287
      objectReference: {fileID: 0}
    m_RemovedComponents: []
  m_SourcePrefab: {fileID: 100100000, guid: 3279ffff6a1ad3d4c8fdb040401e0f30, type: 3}
--- !u!4 &4132959244345664911 stripped
Transform:
  m_CorrespondingSourceObject: {fileID: 400000, guid: 3279ffff6a1ad3d4c8fdb040401e0f30,
    type: 3}
  m_PrefabInstance: {fileID: 4132959244345802511}
  m_PrefabAsset: {fileID: 0}
--- !u!1001 &4700483678440297675
PrefabInstance:
  m_ObjectHideFlags: 0
  serializedVersion: 2
  m_Modification:
    m_TransformParent: {fileID: 4000012177702996}
    m_Modifications:
    - target: {fileID: 100002, guid: 3a0e6d70e96768a43a00963d64e729cb, type: 3}
      propertyPath: m_Name
      value: Bridge_Large (1)
      objectReference: {fileID: 0}
    - target: {fileID: 400002, guid: 3a0e6d70e96768a43a00963d64e729cb, type: 3}
      propertyPath: m_LocalPosition.x
      value: -0
      objectReference: {fileID: 0}
    - target: {fileID: 400002, guid: 3a0e6d70e96768a43a00963d64e729cb, type: 3}
      propertyPath: m_LocalPosition.y
      value: -0.05
      objectReference: {fileID: 0}
    - target: {fileID: 400002, guid: 3a0e6d70e96768a43a00963d64e729cb, type: 3}
      propertyPath: m_LocalPosition.z
      value: 13.559
      objectReference: {fileID: 0}
    - target: {fileID: 400002, guid: 3a0e6d70e96768a43a00963d64e729cb, type: 3}
      propertyPath: m_LocalRotation.x
      value: -0
      objectReference: {fileID: 0}
    - target: {fileID: 400002, guid: 3a0e6d70e96768a43a00963d64e729cb, type: 3}
      propertyPath: m_LocalRotation.y
      value: 0
      objectReference: {fileID: 0}
    - target: {fileID: 400002, guid: 3a0e6d70e96768a43a00963d64e729cb, type: 3}
      propertyPath: m_LocalRotation.z
      value: -0
      objectReference: {fileID: 0}
    - target: {fileID: 400002, guid: 3a0e6d70e96768a43a00963d64e729cb, type: 3}
      propertyPath: m_LocalRotation.w
      value: 1
      objectReference: {fileID: 0}
    - target: {fileID: 400002, guid: 3a0e6d70e96768a43a00963d64e729cb, type: 3}
      propertyPath: m_RootOrder
      value: 3
      objectReference: {fileID: 0}
    - target: {fileID: 400002, guid: 3a0e6d70e96768a43a00963d64e729cb, type: 3}
      propertyPath: m_LocalEulerAnglesHint.x
      value: 0
      objectReference: {fileID: 0}
    - target: {fileID: 400002, guid: 3a0e6d70e96768a43a00963d64e729cb, type: 3}
      propertyPath: m_LocalEulerAnglesHint.y
      value: 0
      objectReference: {fileID: 0}
    - target: {fileID: 400002, guid: 3a0e6d70e96768a43a00963d64e729cb, type: 3}
      propertyPath: m_LocalEulerAnglesHint.z
      value: 0
      objectReference: {fileID: 0}
    - target: {fileID: 400002, guid: 3a0e6d70e96768a43a00963d64e729cb, type: 3}
      propertyPath: m_LocalScale.x
      value: 1.2
      objectReference: {fileID: 0}
    - target: {fileID: 400002, guid: 3a0e6d70e96768a43a00963d64e729cb, type: 3}
      propertyPath: m_LocalScale.z
      value: 1.4318638
      objectReference: {fileID: 0}
    m_RemovedComponents: []
  m_SourcePrefab: {fileID: 100100000, guid: 3a0e6d70e96768a43a00963d64e729cb, type: 3}
--- !u!4 &4700483678440164937 stripped
Transform:
  m_CorrespondingSourceObject: {fileID: 400002, guid: 3a0e6d70e96768a43a00963d64e729cb,
    type: 3}
  m_PrefabInstance: {fileID: 4700483678440297675}
  m_PrefabAsset: {fileID: 0}
